@online{cache,
   title = {Qué es la memoria caché},
    author = {José Antonio Castillo},
    year = {2020},
    url = {https://www.profesionalreview.com/2019/05/02/memoria-cache-l1-l2-y-l3/},
    addendum = "(accessed: 07.09.2020)",
    keywords = {velocidades},
}

@online{velocidadram,
    title = {Memoria RAM DDR, DDR2, DDR3, DDR4, ¿Cuáles son sus diferencias?},
    author = {Rodrigo Alonso},
    year = {2020},
    url = {https://hardzone.es/tutoriales/componentes/diferencias-memoria-ram-ddr/},
    addendum = "(accessed: 07.09.2020)",
    keywords = {velocidades},
    
}

@online{muycomputer,
    author = "Isidro Ros",
    title = "Memoria RAM: Qué es, por qué es importante y recomendaciones",
    url  = "https://www.muycomputer.com/2018/11/04/memoria-ram-que-es-recomendaciones/",
    addendum = "(accessed: 07.09.2020)",
    keywords = "RAM"
}

@online{gestion,
    author = "Yanneth Gutiérrez Sánchez",
    title = "Gestión de la memoria",
    url = "https://sites.google.com/site/sisoper1/home/gestion-de-memoria",
    year = "2013",
    addendum = "(accessed: 07.09.2020)",
    keywords  = "gestión de memoria"
}

@online{Memory,
    author = "Maria Estela Raffino",
    title = "Memoria RAM",
    url = "https://concepto.de/memoria-ram/"
}